@article{lau2020,
  author       = {Lau, S. and Nguyen, T. and Kim, J.},
  title        = {Automatic Pavement Crack Detection Using U-Net Based Deep Convolutional Neural Network},
  journal      = {arXiv preprint},
  volume       = {arXiv:2001.01912},
  year         = {2020},
  url          = {https://arxiv.org/abs/2001.01912}
}

@article{tapamo2023,
  author       = {Tapamo, J. R. and Mushonga, M. and Asabere, N. Y.},
  title        = {Performance Comparison of Deep Learning Models for Pavement Crack Detection},
  journal      = {arXiv preprint},
  volume       = {arXiv:2304.02933},
  year         = {2023},
  url          = {https://arxiv.org/abs/2304.02933}
}

@article{nafaa2024,
  author       = {Nafaa, M. and Wahbi, M. and Zenkouar, K.},
  title        = {YOLO-based Pavement Crack Detection and Classification},
  journal      = {arXiv preprint},
  volume       = {arXiv:2406.07674},
  year         = {2024},
  url          = {https://arxiv.org/abs/2406.07674}
}

@article{mdpi2022,
  author       = {Bui, D. T. and Le, T. T. H. and Nguyen, Q. T.},
  title        = {Pavement Defect Detection Using RGB-Thermal Image Fusion and EfficientNet},
  journal      = {Remote Sensing},
  volume       = {14},
  number       = {1},
  pages        = {106},
  year         = {2022},
  doi          = {10.3390/rs14010106},
  url          = {https://doi.org/10.3390/rs14010106}
}

@article{hsieh2024,
  author       = {Hsieh, C. Y. and Liu, C. Y. and Chen, C. L.},
  title        = {A YOLOv7-BiLSTM Based Multimodal Deep Learning Model for Pothole Detection},
  journal      = {Information},
  volume       = {15},
  number       = {4},
  pages        = {239},
  year         = {2024},
  doi          = {10.3390/info15040239},
  url          = {https://doi.org/10.3390/info15040239}
}

@article{guan2023,
  author       = {Guan, W. and Xu, X. and Zhao, J.},
  title        = {A Comprehensive Review of Deep Learning Approaches for Road Surface Damage Detection},
  journal      = {arXiv preprint},
  volume       = {arXiv:2308.00828},
  year         = {2023},
  url          = {https://arxiv.org/abs/2308.00828}
}

@misc{roboflow_pothole,
  author       = {Roboflow},
  title        = {Pothole Detection Dataset},
  howpublished = {\url{https://universe.roboflow.com/hackthethong/pothole-detection-gmnid}},
  note         = {Accessed: May 2025}
}